<record><leader>00000cas a22000007a 4500</leader><controlfield tag="001">14219118</controlfield><controlfield tag="008">860915u1935uuuutxuwr ne      0    0eng d</controlfield><datafield ind1=" " ind2=" " tag="010"><subfield code="a">sn 86089087 </subfield></datafield><datafield ind1=" " ind2=" " tag="040"><subfield code="a">PPM</subfield><subfield code="b">eng</subfield><subfield code="c">PPM</subfield><subfield code="d">OCLCQ</subfield></datafield><datafield ind1=" " ind2=" " tag="042"><subfield code="a">msc</subfield></datafield><datafield ind1="0" ind2="0" tag="245"><subfield code="a">Hidalgo County sun.</subfield></datafield><datafield ind1=" " ind2=" " tag="260"><subfield code="a">Edinburg, Tex. :</subfield><subfield code="b">Sid Hooper,</subfield><subfield code="c">1935-1937.</subfield></datafield><datafield ind1=" " ind2=" " tag="300"><subfield code="a">v. :</subfield><subfield code="b">ill.</subfield></datafield><datafield ind1=" " ind2=" " tag="310"><subfield code="a">Weekly</subfield></datafield><datafield ind1="0" ind2=" " tag="362"><subfield code="a">Vol. 8, no. 1 (June 21, 1935)-</subfield></datafield><datafield ind1=" " ind2=" " tag="500"><subfield code="a">Published by: Harry Edwards, 1937-</subfield></datafield><datafield ind1=" " ind2=" " tag="515"><subfield code="a">Vol. numbering changes with Aug. 9, 1935 issue.</subfield></datafield><datafield ind1=" " ind2=" " tag="752"><subfield code="a">United States</subfield><subfield code="b">Texas</subfield><subfield code="c">Hidalgo</subfield><subfield code="d">Edinburg.</subfield></datafield><datafield ind1="0" ind2="0" tag="780"><subfield code="t">Hidalgo County independent</subfield></datafield><datafield ind1="1" ind2=" " tag="029"><subfield code="a">AU@</subfield><subfield code="b">000025838789</subfield></datafield></record>